@article{revisao-ssi-frederico,
    author = {Frederico Schardong},
    title = {Self-sovereign identity: A systematic review, mapping and taxonomy},
    journal = {Sensors 22(15)},
    year = {2022},
}


@inproceedings{fiduciary,
author = {Schardong, Frederico and Custodio, Ricardo},
title = {From Self-Sovereign Identity to Fiduciary Identity: A Journey Towards Greater User Privacy and Usability},
year = {2024},
isbn = {9798400702433},
publisher = {Association for Computing Machinery},
address = {New York, NY, USA},
url = {https://doi.org/10.1145/3605098.3636061},
doi = {10.1145/3605098.3636061},
abstract = {In an era defined by the evolving Identity and Access Management (IAM) landscape, this paper shines a spotlight on the critical aspect of usability limitations inherent in the Self-Sovereign Identity (SSI) paradigm. While SSI holds the promise of returning control and privacy to individuals, it presents challenges in terms of user experience for the layman, particularly concerning the management of cryptographic keys, credentials, and the evaluation of service provider requests for private information. To tackle these inherent limitations of SSI, this paper introduces a new digital identity model named Fiduciary Identity. It is constructed over the fiduciary relationship, a poorly explored topic in IAM. The fiduciary acts on behalf of the user, simplifying interactions and enhancing usability, bridging the gap between the potential advantages of SSI and the practicality of everyday digital life. The innovative concept of the fiduciary identity acts as a bridge toward achieving a user-centric, secure, and privacy-preserving IAM ecosystem.},
booktitle = {Proceedings of the 39th ACM/SIGAPP Symposium on Applied Computing},
pages = {687–694},
numpages = {8},
keywords = {identity and access management, digital identity, self-sovereign identity, SSI, fiduciary identity},
location = {Avila, Spain},
series = {SAC '24}
}

@misc{saml,
    author =    {John Hughes and Eve Maler},
    title =     {Security Assertion Markup Language(SAML) V2.0 Technical Overview},
    pagetotal = 51,
    year =      2005,
    url = {https://www.oasis-open.org/committees/download.php/14361/sstc-saml-tech-overview-2.0-draft-08.pdf},
}

@misc{oauth,
    series =    {Request for Comments},
    number =    6749,
    howpublished =  {RFC 6749},
    publisher = {RFC Editor},
    doi =       {10.17487/RFC6749},
    url =       {https://www.rfc-editor.org/info/rfc6749},
    author =    {Dick Hardt},
    title =     {The OAuth 2.0 Authorization Framework},
    pagetotal = 76,
    year =      2012,
    month =     oct,
}

@misc{openid,
    url =       {https://openid.net/specs/openid-connect-core-1_0.html},
    author =    {Nat Sakimura and John Bradley and Mike Jones and Breno de Medeiros},
    title =     {OpenID Connect Core 1.0 incorporating errata set 2},
    year =      2014,
    month =     feb,
}

@misc{openYolo,
  author = {OpenYOLO-Web},
  title = {OpenYOLO for Web - Automatic credential management for modern browsers},
  year = {2019},
  publisher = {GitHub},
  journal = {GitHub repository},
  howpublished = {\url{https://github.com/openid/OpenYOLO-Web}},
  commit = {bd32721678d238263e09e0395aa126db9370d87b}
}

@misc{FedCM,
  author = {FedCM},
  title = {FedID CG Federated Credentials Management},
  year = {2022},
  publisher = {GitHub},
  journal = {GitHub repository},
  howpublished = {\url{https://github.com/fedidcg/FedCM}},
  commit = {82db3af5204b8a9b54d8f04a354b3c23e6f162cd}
}

@TechReport{data-model-w3c,
  author      = "Manu Sporny and Gabe Cohen and Ted Thibodeau Jr and Ivan Herman and Michael Jones",
  title       = "Verifiable Credentials Data Model v2.0",
  month       = may,
  note        = "https://www.w3.org/TR/2024/CRD-vc-data-model-2.0-20240513/",
  year        = "2024",
  bibsource   = "https://w2.syronex.com/jmr/w3c-biblio",
  type        = "Candidate Recommendation",
  institution = "W3C",
}

@misc{presentation-exchange,
  author = {DIF},
  title = {FPresentation Exchange 2.1.0},
  year = {2024},
  publisher = {GitHub},
  journal = {GitHub repository},
  howpublished = {\url{https://github.com/decentralized-identity/presentation-exchange}},
  commit = {83dc30da647e5fc15842005e14f4b4e7fb4de5f9}
}

@incollection{opal,
    author = {Hardjono, Thomas and Pentland, Alex},
    isbn = {9780262356053},
    title = "{MIT Open Algorithms}",
    booktitle = "{Trusted Data: A New Framework for Identity and Data Sharing}",
    publisher = {The MIT Press},
    year = {2019},
    month = {11},
    doi = {10.7551/mitpress/12439.003.0005},
    url = {https://doi.org/10.7551/mitpress/12439.003.0005},
    eprint = {https://direct.mit.edu/book/chapter-pdf/2246521/9780262356053\_cav.pdf},
}

@misc{OAuthImage2024,
    title = {Understanding OAuth 2.0: Step-by-Step Gude},
    author = {Merwan Chinta},
    year = {2024},
    url = {https://medium.com/codenx/oauth-2-0-4cddd6c7471f},
    note      = {Acessado em 06 de Abril, 2024}
}

@misc{OpendIDImage2024,
    title = {OpenID Connect Authentication Flows},
    author = {Prabath Siriwardena},
    year = {2020},
    url = {https://medium.facilelogin.com/openid-connect-authentication flows-936f52380f38},
    note      = {Acessado em 11 de Abril, 2024}
}

@techreport{OIDC4VCWhitepaper2022,
    author = {Kristina Yasuda and Torsten Lodderstedt and David Chadwick and Kenichi Nakamura and Jo Vercammen},
    title = {OpenID for Verifiable Credentials},
    institution = {OpenID Foundation},
    year = {2022}
}

@unpublished{OIDC4VP2023,
    author = {Kristina Yasuda and Torsten Lodderstedt},
    title = {OpenID for Verifiable Presentations - draft 20},
    year = {2023},
    note = {Acessado em 11 de Abril, 2024}  
}


@unpublished{OIDC4CI2023,
    author = {Kristina Yasuda and Torsten Lodderstedt},
    title = {OpenID for Verifiable Credential Issuance - draft 13},
    year = {2023},
    note = {Acessado em 11 de Maio, 2024}  
}

@unpublished{SIOPv2023,
    author    = {K. Yasuda and M. Jones and T. Lodderstedt},
    title     = {Self-Issued OpenID Provider v2 - draft 13},
    year      = {2023},
    note = {Acessado em 11 de Maio, 2024}  
}


@misc{allen2016,
  author       = {Christopher Allen},
  title        = {The Path to Self-Sovereign Identity},
  howpublished = {\url{https://www.lifewithalacrity.com/article/the-path-to-self-sovereign-identity/}},
  year         = {2016},
  note         = {Acessado em 10 de julho, 2024}
}

@book{bertino2009identity,
  title     = {Identity Management: Concepts, Technologies, and Systems},
  author    = {Elisa Bertino and Kenji Takahashi},
  year      = {2009},
  publisher = {Artech House},
  address   = {Norwood, MA, USA},
  isbn      = {978-1-59693-318-5}
}

@misc{evernym2024,
  author       = {Daniel Hardman},
  title        = {The Three Models of Digital Identity Relationships},
  howpublished = {\url{https://medium.com/evernym/the-three-models-of-digital-identity-relationships-ca0727cb5186}},
  year         = {2018},
  note         = {Acessado em 10 de julho, 2024}
}

@article{wangham2008gerenciamento,
    author = {Wangham, Michelle and de Mello, Emerson and Da, Davi and Böger, Davi and Guerios, Marlon and Da, Joni and Fraga, Joni},
    journal   = {Anais do X Simpósio Brasileiro em Segurança da Informação e de Sistemas Computacionais},
    year = {2010},
    month = {10},
    pages = {},
    title = {Gerenciamento de Identidades Federadas}
}

@article{dhamija2008sevenflaws,
  author    = {Rachna Dhamija and Lisa Dusseault},
  title     = {The Seven Flaws of Identity Management: Usability and Security Challenges},
  journal   = {IEEE Security \& Privacy},
  year      = {2008},
  volume    = {6},
  number    = {2},
  pages     = {24-29},
  doi       = {10.1109/MSP.2008.49},
}

@misc{bosch2024selfsovereign,
  author       = {Bosch},
  title        = {Self-Sovereign Identities},
  howpublished = {\url{https://www.bosch.com/stories/self-sovereign-identities/}},
  year         = {2024},
  note         = {Acessado: 10 de julho de 2024}
}

@misc{eudiWallets2023,
  author = {Scholten, Maarten},
  title = {EUDI Wallets with OpenID for Verifiable Credentials},
  year = {2023},
  howpublished = {\url{https://medium.com/value-of-trust/eudi-wallets-with-openid-for-verifiable-credentials-6131c8098e0d}},
  note = {Acessado: 11 de julho de 2024}
}

@misc{sovrin2018protocol,
    title = {Sovrin: A Protocol and Token for Self-Sovereign Identity and Decentralized Trust},
    author = {{SOVRIN FOUNDATION}},
    howpublished = {A White Paper from the Sovrin Foundation, Version 1.0},
    month = {January},
    year = {2018}
}

@article{podgorelec2024digital,
    title = {What is a (Digital) Identity Wallet? A Systematic Literature Review},
    author = {Blaž Podgorelec and Lukas Alber and Thomas Zefferer},
    journal = {Journal of Digital Identity Studies},
    year = {2022}
}

@misc{digital_identity_wallet_benefits_and_risks,
  author       = {{IDENTITY MANAGEMENT INSTITUTE}},
  title        = {Digital Identity Wallet Benefits and Risks},
  url          = {https://identitymanagementinstitute.org/digital-identity-wallet-benefits-and-risks/},
    year         = {2024},
  note         = {Acessado: 15 de julho de 2024}
}

@misc{future_of_digital_wallets_and_identity_management,
  author       = {eMudhra},
  title        = {The Future of Digital Wallets and Identity Management},
  year         = {2022},
  url          = {https://emudhra.com/blog/the-future-of-digital-wallets-and-identity-management},
  note         = {Acessado: 15 de julho de 2024}
}


@misc{dock2024ssi,
  author       = {{Dock.io}},
  title        = {Self-Sovereign Identity: The Ultimate Guide 2024},
  year         = 2024,
  url          = {https://www.dock.io/post/self-sovereign-identity},
  note         = {Acessado: 18 de julho de 2024}
}

@misc{sidell2020google,
  author = {Elle Poole Sidell},
  title = {How Google uses your data},
  year = {2020},
  month = {December 18},
  url = {https://www.avast.com/pt-br/c-how-google-uses-your-data},
  note = {Acessado: 18 de julho de 2024}
}

@article{pandey2012investigation,
  title={An investigation of challenges to online federated identity management systems},
  author={Pandey, Aparajita and Saini, Jatinderkumar R},
  journal={Int. J. Eng. Innov. Res},
  volume={1},
  number={2},
  pages={50--54},
  year={2012}
}

@misc{Sovrin_ZKP,
  author       = {Mike Lodder},
  title        = {The Sovrin Network and Zero Knowledge Proofs},
  year         = {2018},
  url          = {https://sovrin.org/the-sovrin-network-and-zero-knowledge-proofs/},
  note         = {Acessado: 02 de agosto de 2024}
}

@article{Farias2024ZKP,
  author    = {Tácito Augusto Farias Junior and Rafael Oliveira Vasconcelos and Admilson de Ribamar Lima Ribeiro},
  title     = {Um estudo comparativo entre zero-knowledge proof (ZKP) e ring signatures visando as implicações legais e regulatórias com a lei geral de proteção de dados (LGPD) e general data protection regulation (GDPR)},
  journal   = {Revista Observatorio de la Economia Latinoamericana},
  year      = {2024},
  volume    = {22},
  number    = {2},
  pages     = {01-24},
  issn      = {1696-8352},
  address   = {Curitiba},
}

@article{petkus2019zkSNARK,
  title={Why and How zk-SNARK Works: Definitive Explanation},
  author={Petkus, Maksym},
  year={2019},
  month={July}
}

@article{belles2023circom,
  title={CIRCOM: A Robust and Scalable Language for Building Complex Zero-Knowledge Circuits},
  author={Belles-Munoz, Marta and Isabel, Miguel and Munoz-Tapia, Jose Luis and Rubio, Albert and Baylina, Jordi},
  year={2023},
  month={October 30}
}

@misc{OIDC4CI2023Authlete,
  author       = {{Authlete}},
  title        = {OpenID for Verifiable Credential Issuance (OID4VCI) - Access Token Issuance Details},
  url = {https://www.authlete.com/developers/oid4vci/#24-access-token-issuance-details},
  year         = {2023},
  note         = {Acessado: 13 de agosto de 2024}
}

@misc{JSONrfc82592017,
  author       = {T. Bray},
  title        = {The JavaScript Object Notation (JSON) Data Interchange Format},
  howpublished = {Request for Comments: 8259},
  year         = {2017},
  publisher    = {Internet Engineering Task Force (IETF)},
  url          = {https://www.rfc-editor.org/rfc/rfc8259.txt},
}

@misc{jsonld112020,
  author       = {Manu Sporny and Dave Longley and Gregg Kellogg and Markus Lanthaler and Pierre-Antoine Champin and Niklas Lindström},
  title        = {JSON-LD 1.1: A JSON-based Serialization for Linked Data},
  howpublished = {W3C Recommendation},
  year         = {2020},
  publisher    = {World Wide Web Consortium (W3C)},
  url          = {https://www.w3.org/TR/2020/REC-json-ld11-20200716/}
}

@techreport{sakimura2023openidDiscovery,
  title        = {OpenID Connect Discovery 1.0 incorporating errata set 2},
  author       = {N. Sakimura and J. Bradley and M. Jones and E. Jay},
  institution  = {OpenID Foundation},
  note         = {NAT.Consulting (was at NRI), Yubico (was at Ping Identity), Self-Issued Consulting (was at Microsoft), Illumila},
  month        = dec,
  year         = {2023}
}

@techreport{sakimura2023openid-dcr,
  title        = {OpenID Connect Dynamic Client Registration 1.0 incorporating errata set 2},
  author       = {N. Sakimura and J. Bradley and M. Jones},
  institution  = {OpenID Foundation},
  note         = {NAT.Consulting (was at NRI), Yubico (was at Ping Identity), Self-Issued Consulting (was at Microsoft)},
  month        = dec,
  year         = {2023}
}

@misc{g1_facebook_2018,
    title = {Entenda o escândalo de uso político de dados que derrubou valor do {Facebook} e o colocou na mira de autoridades},
    url = {https://g1.globo.com/economia/tecnologia/noticia/entenda-o-escandalo-de-uso-politico-de-dados-que-derrubou-valor-do-facebook-e-o-colocou-na-mira-de-autoridades.ghtml},
    author = {{G1}},
    year = {2018},
    note = {Acessado: 15 de agosto de 2024}
}

@article{finkelstein_privacidade_2019,
    title = {PRIVACIDADE e LEI GERAL DE PROTEÇÃO DE DADOS PESSOAIS / PRIVACY AND GENERAL PERSONAL DATA PROTECTION LAW},
    author = {Maria Eugenia Finkelstein and Claudio Finkelstein},
    journal = {Revista de Direito Brasileira},
    year = {2019}
}

@mastersthesis{hauck2023openid,
  title     = {OpenID for Verifiable Credentials: Formal Security Analysis using the Web Infrastructure Model},
  author    = {Fabian Hauck},
  year      = {2023},
  school    = {Informatik}
}

@inproceedings{fett2024wim,
  author    = {Daniel Fett and Ralf Kusters and Guido Schmitz},
  title     = {The Web Infrastructure Model (WIM)},
  booktitle = {Proceedings of the IEEE Symposium on Security and Privacy (S\&P)},
  year      = {2014}
}

@article{Kulik2020,
  author    = {Tomas Kulik and Brijesh Dongol and Peter Gorm Larsen and Hugo Daniel Macedo and Steve Schneider and Peter Würtz Vinther Tran-Jørgensen and Jim Woodcock},
  title     = {A Survey of Practical Formal Methods for Security},
  year      = {2020}
}

@article{FettKS14,
  author       = {Daniel Fett and
                  Ralf K{\"{u}}sters and
                  Guido Schmitz},
  title        = {An Expressive Model for the Web Infrastructure: Definition and Application
                  to the BrowserID {SSO} System},
  journal      = {CoRR},
  year         = {2014},
}
@incollection{ELJAOUHARI2017389,
title = {Chapter 14 - Security Issues of the Web of Things},
booktitle = {Managing the Web of Things},
publisher = {Morgan Kaufmann},
year = {2017},
author = {Saad {El Jaouhari} and Ahmed Bouabdallah and Jean-Marie Bonnin},
}
@misc{darutk2021openidconnect,
  author       = {Takahiko Kawasaki},
  title        = {Diagrams of All the OpenID Connect Flows},
  year         = {2021},
  url          = {https://darutk.medium.com/diagrams-of-all-the-openid-connect-flows-6968e3990660},
  note         = {Acessado: 15 de agosto de 2024}
}
